@Mastersthesis{01,
  author = {Ploquin, Julien},
  title = {Simulateur de billard r{\'{e}}aliste},
  year = {2012},
  URL = {http://search.proquest.com/docview/1312339479?pq-origsite=summon},
  school = {Universit{\'{e}} de Sherbrooke},
  publication\_type = {type},
  keywords = {simulation ; billard ; m{\'{e}}canique ; physique ; r{\'{e}}solveur ; optimisation.},
  note = {Directeur de recherche : Jean-Pierre Dussault},
}

@book{02,
  title = {{Mini manuel de m√©canique du point}},
  author = {Henry Michel, Nicols Delorm},
  publisher = {{Dunod}},
  volume = {241},
  year = {2008},
  pdf ={http://197.14.51.10:81/pmb/MECANIQUE/Mini_manuel_de_Mecanique_du_point_L1_L2.pdf},
}

@misc{03,
  author = {Gregory Corgie},
  title = {{Conception d'un moteur physique}},
  year = {2008},
  month = {09},
  howpublished = {\url{https://gregorycorgie.developpez.com/tutoriels/physic/}},
  note = {Acc{\'{e}}d{\'{e}} le : 10-03-2018},
}

@misc{04,
  author = {faberspot},
  title = {{Elastic collisions of balls}},
  year = {2013},
  month = {01},
  howpublished = {\url{https://blogs.msdn.microsoft.com/faber/2013/01/09/elastic-collisions-of-balls/}},
  note = {Acc{\'{e}}d{\'{e}} le : 10-03-2018},
}

@misc{05,
  author = {Neil Brown},
  title = {{Bouncing Off The Walls}},
  year = {2012},
  month = {08},
  howpublished = {\url{https://sinepost.wordpress.com/2012/08/19/bouncing-off-the-walls/}},
  note = {Acc{\'{e}}d{\'{e}} le : 10-03-2018},
}

@book{06,
  title = {{Real-Time Collision Detection}},
  author = {HChrister Ericson},
  publisher = {{Morgan Kaufmann}},
  volume = {632},
  year = {2005},
  pdf ={http://www.r-5.org/files/books/computers/algo-list/realtime-3d/Christer_Ericson-Real-Time_Collision_Detection-EN.pdf},
}

@misc{07,
  author = {Steven Lambert},
  title = {{Quick Tip: Use Quadtrees to Detect Likely Collisions in 2D Space}},
  year = {2012},
  month = {10},
  howpublished = {\url{https://gamedevelopment.tutsplus.com/tutorials/quick-tip-use-quadtrees-to-detect-likely-collisions-in-2d-space--gamedev-374}},
  note = {Acc{\'{e}}d{\'{e}} le : 22-03-2018},
}

